@misc{mw:transpose,
	author={Weisstein, Eric W.},
	title={Transpose}, 
	note={From MathWorld--A Wolfram Web Resource {http://mathworld.wolfram.com/Transpose.html }}
}

@misc{mw:taylor,
	author={Weisstein, Eric W.},
	title={Taylor Series}, 
	note={From MathWorld--A Wolfram Web Resource {http://mathworld.wolfram.com/TaylorSeries.html }}
}


@article{195501,
  ISSN = {0002-9890},
  author = {Seebeck Jr., C.L.},
  copyright = {Copyright 1955 Mathematical Association of America},
  group = {Classroom Notes},
  journal = {The American Mathematical Monthly},
  jstor_articletype = {Full Length Article},
  jstor_date = {195501},
  jstor_formatteddate = {Jan., 1955},
  month = {jan},
  number = {1},
  pages = {35--36},
  publisher = {Mathematical Association of America},
  title = {Note on Linear Interpolation Error},
  url = {http://links.jstor.org/sici?sici=0002-9890%28195501%2962%3A1%3C35%3ANOLIE%3E2.0.CO%3B2-N},
  volume = {62},
  year = {1955},
}


